@online{progsgh,
    title = "ProgrammerSought",
    url = "https://www.programmersought.com",
}

@online{testlabs,
    title = "Symbolab",
    url = "https://www.symbolab.com",
}

@online{diagrams,
    title = "drawio",
    url = "https://app.diagrams.net",
}
