@online{memcpy,
    title = "Copying Memory in C",
    url = "https://www.youtube.com/watch?v=NqUTiJPgBn8",
}

@online{malloc,
    title = "How to use malloc",
    url = "https://www.youtube.com/watch?v=yFboyOwk2oM",
}

@online{geeks,
    title = "Geeks for Geeks",
    url = "https://www.geeksforgeeks.org",
}

@online{etc,
    title = "ProgrammerSought",
    url = "https://www.programmersought.com",
}
@online{bash_rand,
    title = "Bash Shell Generate Random Numbers",
    url = "
           https://www.cyberciti.biz/faq/bash-shell-script-generating-random-numbers
           ",
}
