@online{arr_param,
    title = "Arrays as function parameters in C",
    url = "https://youtu.be/Cfm4D_Mxpiw?si=uDzHTHli3BurbgvD",
}
@online{spiral,
    title = "Filling a two-dimensional matrix in a spiral",
    url = "
           https://www.haikson.com/programmirovanie/zapolnenie-dvumernoj-matritsyi-po-spirali/
           ",
}
